@article{bouman2002halloween,
  title={The Halloween indicator, ‘‘Sell in May and go away'': Another puzzle},
  author={Sven Bouman and Ben Jacobsen},
  journal={American Economic Review},
  pages={1618--1635},
  year={2002},
  month=dec,
  publisher={JSTOR}
}

@misc{gablerFreefloat,
  title={Freefloat},
  organization={Gablers Wirtschaftslexikon},
  url={http://wirtschaftslexikon.gabler.de/Archiv/5114/freefloat-v8.html},
  urldate={2015-03-17}
}

@misc{deutscheboersePrimeStandard,
  title={Prime Standard},
  url={http://deutsche-boerse.com/dbg/dispatch/de/kir/dbg_nav/about_us/30_Services/40_Know_how/10_Stock_Exchange_A_Z?glossaryWord=pi_glos_Prime_Standard},
  organization={Deutsche Börse},
  urldate={2015-03-17}
}

@misc{boerseFrankfurtXetra,
  organization={Börse Frankfurt},
  title={Der elektronische Börsenplatz Xetra},
  url={http://www.boerse-frankfurt.de/de/wissen/marktplaetze/der+elektronische+boersenplatz+xetra},
  urldate={2015-03-17}
}

@misc{yahooFinance,
  url={https://de.finance.yahoo.com/q/hp?s=%5EGDAXI&b=30&a=11&c=1989&e=2&d=00&f=2015&g=d},
  title={Yahoo Finance Historische Kurse},
  urldate={2015-03-19}
}
